@online{ref:scipy,
    title = {SciPy},
    url   = {https://www.scipy.org/}
}

@online{ref:opencv,
    title = {OpenCV -- Open Source Computer Vision Library},
    url   = {https://opencv.org/}
}

@online{ref:mypy,
    title = {Mypy: Optional Static Typing for Python},
    url   = {http://mypy-lang.org/}
}

@online{ref:loadtxt,
    title = {numpy.loadtxt â€” NumPy v1.19 Manual},
    url   = {https://numpy.org/doc/stable/reference/generated/numpy.loadtxt.html},
    urldate = {2020-10-03}
}
